Untuk setiap referensi, baris pertama (newton1687) merupakan label dan baris-baris berikutnya
merupakan atribut dari referensi yang akan digunakan. Umumnya, format referensi berikut sudah
disediakan oleh penyedia sumber referensi secara online dan bisa langsung ditaruh di sini.

Lihat https://www.bibtex.com/g/bibtex-format/ untuk informasi lebih lanjut mengenai format
BibTex yang digunakan pada file ini.

@article{newton1687,
  author  = {Isaac Newton},
  journal = {Philosophi√¶ Naturalis Principia Mathematica},
  title   = {Axioms or Laws of Motion},
  year    = {1687}
}

@misc{roketluarangkasa,
  title   = {Roket Luar Angkasa Discovery},
  year    = 2021,
  url     = {https://airandspace.si.edu/explore-and-learn/topics/discovery/about.cfm},
  urldate = {2021-02-03}
}

Untuk setiap referensi, baris pertama (Newton1687) merupakan label dan baris-baris berikutnya
merupakan atribut dari referensi yang akan digunakan. Umumnya, format referensi berikut sudah
disediakan oleh penyedia sumber referensi secara online dan bisa langsung digunakan di sini.

Lihat https://www.bibtex.com/g/bibtex-format/ untuk informasi lebih lanjut mengenai format
BibTex yang digunakan pada file ini.

@misc{nakamoto2008bitcoin,
  title={Bitcoin: A Peer-to-Peer Electronic Cash System},
  author={Nakamoto, Satoshi},
  year={2008},
  howpublished={\url{https://bitcoin.org/bitcoin.pdf}}
}


@book{swan2015blockchain,
  title={Blockchain: Blueprint for a New Economy},
  author={Swan, Melanie},
  year={2015},
  publisher={O'Reilly Media}
}

@book{tapscott2016blockchain,
  title={Blockchain Revolution: How the Technology Behind Bitcoin Is Changing Money, Business, and the World},
  author={Tapscott, Don and Tapscott, Alex},
  year={2016},
  publisher={Penguin}
}

@misc{wood2014ethereum,
  title={Ethereum: A Secure Decentralised Generalised Transaction Ledger},
  author={Wood, Gavin},
  year={2014},
  howpublished={\url{https://ethereum.org/pdfs/EthereumWhitePaper.pdf}}
}


@book{antonsopoulos2018mastering,
  title={Mastering Ethereum: Building Smart Contracts and DApps},
  author={Antonopoulos, Andreas M. and Wood, Gavin},
  year={2018},
  publisher={O'Reilly Media}
}


@book{burniske2019ethereum,
  title={Ethereum for Dummies},
  author={Burniske, Chris and Davis, Vivek},
  year={2019},
  publisher={For Dummies}
}


@book{diedrich2017ethereum,
  title={Ethereum: Blockchains, Digital Assets, Smart Contracts, Decentralized Autonomous Organizations},
  author={Diedrich, Henning},
  year={2017},
  publisher={Apress}
}


@book{bashir2017mastering,
  title={Mastering Blockchain: Unlocking the Power of Cryptocurrencies, Smart Contracts, and Decentralized Applications},
  author={Bashir, Imran},
  year={2017},
  publisher={Packt Publishing}
}


@book{ozer2018ethereum,
  title={Ethereum: The Insider Guide to Blockchain Technology, Cryptocurrency and Mining Ethereum},
  author={Ozer, Richard},
  year={2018},
  publisher={CreateSpace Independent Publishing Platform}
}

@book{antonsopoulos2018mastering,
  title={Mastering Ethereum: Building Smart Contracts and DApps},
  author={Antonopoulos, Andreas M. and Wood, Gavin},
  year={2018},
  publisher={O'Reilly Media}
}

@book{burniske2019ethereum,
  title={Ethereum for Dummies},
  author={Burniske, Chris and Davis, Vivek},
  year={2019},
  publisher={For Dummies}
}

@article{benet2014ipfs,
  title={IPFS - Content Addressed, Versioned, P2P File System},
  author={Benet, Juan},
  journal={arXiv preprint arXiv:1407.3561},
  year={2014}
}

@misc{noauthor_solidity_nodate,
  title={Solidity Documentation},
  howpublished={\url{https://soliditylang.org/docs/}},
}

@inproceedings{noauthor_introduction_crypto_nodate,
  title={Introduction to Cryptocurrency Wallet Security},
  author={Noauthor},
  booktitle={IACR Cryptology ePrint Archive},
  volume={2017},
  year={2017},
}

@book{antonopoulos2014mastering,
  title={Mastering Bitcoin: Unlocking Digital Cryptocurrencies},
  author={Antonopoulos, Andreas M.},
  year={2014},
  publisher={O'Reilly Media}
}

@online{unrealengine,
  title={Unreal Engine},
  author={Epic Games},
  year={2022},
  url={https://www.unrealengine.com/en-US/},
}

@online{unrealarchitecture,
  title={Unreal Engine Architecture},
  author={Epic Games},
  year={2022},
  url={https://docs.unrealengine.com/en-US/Architecture/index.html},
}

@misc{erc721,
  title={ERC-721 Non-Fungible Token Standard},
  author={Dieter Shirley},
  year={2018},
  howpublished={\url{https://eips.ethereum.org/EIPS/eip-721}},
}

@article{kietzmann2011social,
  title={Social media? Get serious! Understanding the functional building blocks of social media},
  author={Kietzmann, Jan and Hermkens, Kristopher and McCarthy, Ian P and Silvestre, Bruno S},
  journal={Business horizons},
  volume={54},
  number={3},
  pages={241--251},
  year={2011},
  publisher={Elsevier}
}

@book{castronova2005synthetic,
  title={Synthetic worlds: The business and culture of online games},
  author={Castronova, Edward},
  year={2005},
  publisher={University of Chicago Press}
}

@article{deangelis2019taxonomy,
  title={A taxonomy of blockchain interoperability},
  author={De Angelis, Stefano and Panzieri, Fabio},
  journal={Future Internet},
  volume={11},
  number={6},
  pages={131},
  year={2019},
  publisher={Multidisciplinary Digital Publishing Institute},
  doi={10.3390/fi11060131}
}

@techreport{swanson2016blockchain,
  title={Blockchain interoperability},
  author={Swanson, Tim},
  year={2016},
  institution={Oracle Corporation},
  url={https://www.oracle.com/technetwork/topics/entarch/blockchain-interoperability-wp-5220633.pdf}
}

@inproceedings{brunnhofer2019towards,
  title={Towards Interoperability in Blockchain Ecosystems: State of the Art and Research Challenges},
  author={Brunnhofer, Michael and Pregenzer, Andreas},
  booktitle={European Conference on Service-Oriented and Cloud Computing},
  pages={121--135},
  year={2019},
  organization={Springer},
  doi={10.1007/978-3-030-32429-2_9}
}

@article{huang2021comprehensive,
  title={A comprehensive survey on blockchain interoperability: from theory to practice},
  author={Huang, Xiaofei and Chen, Lei},
  journal={Journal of Network and Computer Applications},
  volume={183},
  pages={102951},
  year={2021},
  publisher={Elsevier},
  doi={10.1016/j.jnca.2021.102951}
}


@article{unrealengine5,
  title={Unreal Engine 5},
  author={Epic Games},
  year={2021},
  note={Diakses pada 12 Mei 2023},
  url={https://www.unrealengine.com/en-US/unreal-engine-5}
}


@inproceedings{9289184,
  author    = {Kim, Ahyoung and Kim, Mucheol},
  booktitle = {2020 International Conference on Information and Communication Technology Convergence (ICTC)},
  title     = {A Study on Blockchain-based Music Distribution Framework: Focusing on Copyright Protection},
  year      = {2020},
  volume    = {},
  number    = {},
  pages     = {1921-1925},
  doi       = {10.1109/ICTC49870.2020.9289184}
}

@article{adjei2021securing,
  title   = {Securing music sharing platforms: A Blockchain-Based Approach},
  author  = {Adjei-Mensah, Isaac and Agyemang, Isaac Osei and Sey, Collins and Salako, Abdulhaq Adetunji},
  journal = {arXiv preprint arXiv:2110.05949},
  year    = {2021}
}


@misc{AndrewTarantola,
  year    = 2020,
  title   = {Epic Games teases its new, nearly-photorealistic Unreal Engine 5},
  url     = {https://www.engadget.com/epic-games-unreal-engine-5-demo-150044561.html},
  urldate = {2020-05-13},
  author  = {Andrew Tarantola}
}

@misc{DeanTakahashi,
  year    = 2020,
  title   = {Epic Games: Unreal Engine 5 will bring a generational change to graphics},
  url     = {https://venturebeat.com/business/how-epic-games-is-tailoring-unreal-engine-5-to-make-next-gen-graphics-shine/},
  urldate = {2020-05-13},
  author  = {Takahashi, Dean}
}

@mastersthesis{DitoPrabowo2020,
  author = {Dito Prabowo},
  school = {Institut Teknologi Sepuluh Nopember},
  title  = {Pengembangan Sistem Keamanan Berbagi Data PACS Berbasis Blockchain},
  year   = {2020},
  type   = {{Bachelor} thesis}
}

@article{DWIVEDI2022102542,
  title    = {Metaverse beyond the hype: Multidisciplinary perspectives on emerging challenges, opportunities, and agenda for research, practice and policy},
  journal  = {International Journal of Information Management},
  volume   = {66},
  pages    = {102542},
  year     = {2022},
  issn     = {0268-4012},
  doi      = {https://doi.org/10.1016/j.ijinfomgt.2022.102542},
  url      = {https://www.sciencedirect.com/science/article/pii/S0268401222000767},
  author   = {Yogesh K. Dwivedi and Laurie Hughes and Abdullah M. Baabdullah and Samuel Ribeiro-Navarrete and Mihalis Giannakis and Mutaz M. Al-Debei and Denis Dennehy and Bhimaraya Metri and Dimitrios Buhalis and Christy M.K. Cheung and Kieran Conboy and Ronan Doyle and Rameshwar Dubey and Vincent Dutot and Reto Felix and D.P. Goyal and Anders Gustafsson and Chris Hinsch and Ikram Jebabli and Marijn Janssen and Young-Gab Kim and Jooyoung Kim and Stefan Koos and David Kreps and Nir Kshetri and Vikram Kumar and Keng-Boon Ooi and Savvas Papagiannidis and Ilias O. Pappas and Ariana Polyviou and Sang-Min Park and Neeraj Pandey and Maciel M. Queiroz and Ramakrishnan Raman and Philipp A. Rauschnabel and Anuragini Shirish and Marianna Sigala and Konstantina Spanaki and Garry {Wei-Han Tan} and Manoj Kumar Tiwari and Giampaolo Viglia and Samuel Fosso Wamba},
  keywords = {Avatars, Augmented reality, Extended reality, Metaverse, Second life, Virtual reality, Virtual world},
  abstract = {The metaverse has the potential to extend the physical world using augmented and virtual reality technologies allowing users to seamlessly interact within real and simulated environments using avatars and holograms. Virtual environments and immersive games (such as, Second Life, Fortnite, Roblox and VRChat) have been described as antecedents of the metaverse and offer some insight to the potential socio-economic impact of a fully functional persistent cross platform metaverse. Separating the hype and ‚Äúmeta‚Ä¶‚Äù rebranding from current reality is difficult, as ‚Äúbig tech‚Äù paints a picture of the transformative nature of the metaverse and how it will positively impact people in their work, leisure, and social interaction. The potential impact on the way we conduct business, interact with brands and others, and develop shared experiences is likely to be transformational as the distinct lines between physical and digital are likely to be somewhat blurred from current perceptions. However, although the technology and infrastructure does not yet exist to allow the development of new immersive virtual worlds at scale - one that our avatars could transcend across platforms, researchers are increasingly examining the transformative impact of the metaverse. Impacted sectors include marketing, education, healthcare as well as societal effects relating to social interaction factors from widespread adoption, and issues relating to trust, privacy, bias, disinformation, application of law as well as psychological aspects linked to addiction and impact on vulnerable people. This study examines these topics in detail by combining the informed narrative and multi-perspective approach from experts with varied disciplinary backgrounds on many aspects of the metaverse and its transformational impact. The paper concludes by proposing a future research agenda that is valuable for researchers, professionals and policy makers alike.}
}

@misc{EddieMakuch,
  year    = 2021,
  title   = {Unreal Engine 5 Gets Stunning Demo With Incredible Graphics, Enters Early Access},
  url     = {https://www.gamespot.com/articles/unreal-engine-5-gets-stunning-demo-with-incredible-graphics-enters-early-access/1100-6491998/},
  urldate = {2021-05-26},
  author  = {Eddie Makuch}
}

@article{hariadi2020,
  author  = {Arif, Yunifa and Nurhayati, Hani and Kurniawan, Fachrul and Nugroho, Supeno and Hariadi, Mochamad},
  year    = {2020},
  month   = {12},
  pages   = {472-486},
  title   = {Blockchain-Based Data Sharing for Decentralized Tourism Destinations Recommendation System},
  volume  = {13},
  journal = {International Journal of Intelligent Engineering and Systems},
  doi     = {10.22266/ijies2020.1231.42}
}

@inproceedings{kim2020study,
  title        = {A study on blockchain-based music distribution framework: focusing on copyright protection},
  author       = {Kim, Ahyoung and Kim, Mucheol},
  booktitle    = {2020 International conference on information and communication technology convergence (ICTC)},
  pages        = {1921--1925},
  year         = {2020},
  organization = {IEEE}
}

@misc{KyleOrland,
  year    = 2020,
  title   = {How Epic got such amazing Unreal Engine 5 results on next-gen consoles},
  url     = {https://arstechnica.com/gaming/2020/05/behind-the-scenes-of-that-incredible-unreal-engine-5-tech-demo/},
  urldate = {2020-05-15},
  author  = {Kyle Orland}
}

@article{luckerson2014facebook,
  title     = {Facebook Buying Oculus Virtual-Reality Company for \$2 Billion},
  author    = {Naz, Muqaddas and Al-zahrani, Fahad A and Khalid, Rabiya and Javaid, Nadeem and Qamar, Ali Mustafa and Afzal, Muhammad Khalil and Shafiq, Muhammad},
  journal   = {Sustainability},
  volume    = {11},
  number    = {24},
  pages     = {7054},
  year      = {2019},
  publisher = {MDPI}
}

@article{naz2019secure,
  title     = {A secure data sharing platform using \emph{blockchain} and interplanetary file system},
  author    = {Naz, Muqaddas and Al-zahrani, Fahad A and Khalid, Rabiya and Javaid, Nadeem and Qamar, Ali Mustafa and Afzal, Muhammad Khalil and Shafiq, Muhammad},
  journal   = {Sustainability},
  volume    = {11},
  number    = {24},
  pages     = {7054},
  year      = {2019},
  publisher = {MDPI}
}

@article{Newton1687,
  author  = {I. {Newton}},
  journal = {Philosophi√¶ Naturalis Principia Mathematica},
  title   = {Axioms or Laws of Motion},
  year    = {1687}
}

@misc{RouslanDimitrov,
  author = {Rouslan Dimitrov},
  title  = {Cascaded Shadow Maps},
  year   = {2007},
  url    = {https://developer.download.nvidia.com/SDK/10.5/opengl/src/cascaded_shadow_maps/doc/cascaded_shadow_maps.pdf}
}

@misc{SpaceXBlueprint,
  title   = {Space X Blueprint},
  year    = 2021,
  url     = {https://id.pinterest.com/pin/344032859037191430/},
  urldate = {2021-01-26}
}

@misc{StattEpicAnnounce,
  year    = 2020,
  title   = {Epic Games announces Unreal Engine 5 with stunning PlayStation 5 demo},
  url     = {https://www.theverge.com/2020/5/13/21256079/epic-unreal-engine-5-playstation-5-demo-next-gen-graphics-release-date},
  urldate = {2020-05-13},
  author  = {Nick Statt}
}

@inproceedings{Steichen2018,
  author = {Steichen, Mathis and Fiz Pontiveros, Beltran and Norvill, Robert and Shbair, Wazen and State, Radu},
  year   = {2018},
  month  = {07},
  pages  = {},
  title  = {Blockchain-Based, Decentralized Access Control for IPFS},
  doi    = {10.1109/Cybermatics_2018.2018.00253}
}

@misc{UE5Launch,
  year    = 2022,
  title   = {Epic launches Unreal Engine 5},
  url     = {https://www.gamesindustry.biz/epic-launches-unreal-engine-5},
  urldate = {2022-04-06},
  author  = {Brendan Sinclair}
}

@misc{url:blockchaintype,
  title   = {3 Tipe \emph{Blockchain} Yang Perlu Anda Ketahui},
  year    = {2020},
  url     = {https://blockchainisme.com/blockchain/3-tipe-blockchain-yang-perlu-anda-ketahui/},
  urldate = {2020-06-12}
}

@misc{ValentineRebekah,
  year    = 2020,
  title   = {Epic Games announces Unreal Engine 5 with first PS5 footage},
  url     = {https://www.gamesindustry.biz/epic-games-announces-unreal-engine-5-with-first-ps5-footage},
  urldate = {2020-05-13},
  author  = {Rebekah Valentine}
}

@misc{VirtualShadowMaps,
  year    = 2022,
  title   = {Virtual Shadow Maps},
  url     = {https://docs.unrealengine.com/5.0/en-US/virtual-shadow-maps-in-unreal-engine/},
  urldate = {2022-02-07}
}


